@misc{Illprod,
  title = {Illumina products website},
  howpublished = {\url{https://www.illumina.com/products.html}},
  note = {Accessed: 2019-02-03}
}

@TECHREPORT{PMS,
  AUTHOR =        {Ibim Tariah and Rebecca Pine},
  TITLE =         {White paper: Effective post-market surveillance},
  NUMBER =        {BSI/UK/440/ST/0614/en/HL},
  INSTITUTION =   {BSI Group},
  URL   =         {https://www.bsigroup.com/meddev/LocalFiles/en-US/Whitepapers/WP-Post-market-surveillance.pdf},
 
}

@misc{tweepy,
  title = {Tweepy website},
  howpublished = {\url{www.tweepy.org}},
  note = {Accessed: 2019-03-31}
}


@misc{textblob,
  title = {TextBlob: Simplified Text Processing},
  howpublished = {\url{https://textblob.readthedocs.io/en/dev/}},
  note = {Accessed: 2019-03-31}
}



@misc{mongodb,
  title = {MongoDB website},
  howpublished = {\url{https://www.mongodb.com/}},
  note = {Accessed: 2019-03-31}
}

@misc{twitter,
  title = {Twitter website},
  howpublished = {\url{https://www.twitter.com/}},
  note = {Accessed: 2019-03-31}
}


@misc{twitterapi,
  title = {Accessing the Twitter API with Python},
  howpublished = {\url{https://stackabuse.com/accessing-the-twitter-api-with-python/}},
  note = {Accessed: 2019-03-31}
}

@misc{wiki-twitter,
    author = "{Wikipedia contributors}",
    title = "Twitter --- {Wikipedia}{,} The Free Encyclopedia",
    year = "2019",
    howpublished = "\url{https://en.wikipedia.org/w/index.php?title=Twitter\&oldid=889118467}",
    note = "[Online; accessed 2-April-2019]"
  }



@misc{mysql,
  title = {MySQL product datasite},
  howpublished = {\url{https://www.mysql.com/}},
  note = {Accessed: 2019-03-31}
}

@misc{ wiki-mongo,
    author = "{Wikipedia contributors}",
    title = "MongoDB --- {Wikipedia}{,} The Free Encyclopedia",
    year = "2019",
    howpublished = "\url{https://en.wikipedia.org/w/index.php?title=MongoDB\&oldid=890993425}",
    note = "[Online; accessed 7-April-2019]"
  }